
 
@online{FTSEMIB,
    author = "Borsa Italiana",
    title     = "FTSEMIB",
    url       = "https://www.borsaitaliana.it/borsa/indici/indici-in-continua/dettaglio.html?indexCode=FTSEMIB"
}

@online{Beta,
    author = "Will Kenton",
    title = "Beta",
    url  = "https://www.investopedia.com/terms/b/beta.asp"
}

@online{SML,
    author  = "Will Kenton",
    title   = "Security market line(SML)",
    url = "https://www.investopedia.com/terms/s/sml.asp"
}


@online{SML,
    author  = "Darren Hom",
    title   = "How to Turn Cross-Sectional into Time-Series Momentum (and be home in time for dinner)",
    url = "https://alphaarchitect.com/2020/01/how-to-turn-cross-sectional-into-time-series-momentum-and-be-home-in-time-for-dinner/"
}
